<record><leader>00000cas a22000007a 4500</leader><controlfield tag="001">13430651</controlfield><controlfield tag="008">860414c19829999pauwr ne      0   a0eng c</controlfield><datafield ind1=" " ind2=" " tag="010"><subfield code="a">sn 86081282 </subfield></datafield><datafield ind1=" " ind2=" " tag="040"><subfield code="a">NPH</subfield><subfield code="b">eng</subfield><subfield code="c">NPH</subfield><subfield code="d">NSD</subfield><subfield code="d">OCLCQ</subfield></datafield><datafield ind1=" " ind2=" " tag="012"><subfield code="m">1</subfield></datafield><datafield ind1="1" ind2=" " tag="022"><subfield code="a">1076-4615</subfield><subfield code="l">1076-4615</subfield><subfield code="2">1</subfield></datafield><datafield ind1=" " ind2=" " tag="032"><subfield code="a">084930</subfield><subfield code="b">USPS</subfield></datafield><datafield ind1=" " ind2=" " tag="037"><subfield code="b">Valley Observer Corp., P.O. Box 470, Yeagertown, Pa. 17099</subfield></datafield><datafield ind1=" " ind2=" " tag="042"><subfield code="a">nsdp</subfield><subfield code="a">pcc</subfield></datafield><datafield ind1="0" ind2=" " tag="130"><subfield code="a">County observer (Reedsville, Pa.)</subfield></datafield><datafield ind1=" " ind2="4" tag="222"><subfield code="a">The county observer</subfield><subfield code="b">(Yeagertown, Pa.)</subfield></datafield><datafield ind1="0" ind2="4" tag="245"><subfield code="a">The county observer.</subfield></datafield><datafield ind1=" " ind2=" " tag="260"><subfield code="a">Reedsville, Pa. :</subfield><subfield code="b">David E. Semler,</subfield><subfield code="c">1982-</subfield></datafield><datafield ind1=" " ind2=" " tag="300"><subfield code="a">v. :</subfield><subfield code="b">ill. ;</subfield><subfield code="c">58 cm.</subfield></datafield><datafield ind1=" " ind2=" " tag="310"><subfield code="a">Weekly</subfield></datafield><datafield ind1="0" ind2=" " tag="362"><subfield code="a">Vol. 4, no. 51 (Apr. 28, 1982)-</subfield></datafield><datafield ind1=" " ind2=" " tag="500"><subfield code="a">Published every Wednesday.</subfield></datafield><datafield ind1=" " ind2=" " tag="515"><subfield code="a">Continues the numbering of: County observer (Belleville, Pa.)</subfield></datafield><datafield ind1=" " ind2=" " tag="752"><subfield code="a">United States</subfield><subfield code="b">Pennsylvania</subfield><subfield code="c">Mifflin</subfield><subfield code="d">Reedsville.</subfield></datafield><datafield ind1=" " ind2=" " tag="936"><subfield code="a">Vol. 20, no. 17 (May 4, 1994) LIC</subfield></datafield></record>